@misc{risk,
title = {{Thyroid cancer risk factors}},
howpublished = {http://www.cancer.org/cancer/thyroidcancer/detailedguide/thyroid-cancer-risk-factors}},
year = {Accessed: 2016-06-1}
}

@misc{intro,
title = {{Thyroid Cancer Types, Stages and Treatment Overview}},
howpublished = {http://www.thyca.org/about/types/}},
year = {Accessed: 2016-06-1}
}

@misc{tcga,
title = {{Papillary Thyroid Carcinoma}},
howpublished = {http://cancergenome.nih.gov/cancersselected/thyroid}},
year = {Accessed: 2016-06-1}
}

@Manual{SummarizedExperiment,
    title = {SummarizedExperiment: SummarizedExperiment container},
    author = {Martin Morgan and Valerie Obenchain and Jim Hester and Hervé Pagès},
    year = {2016},
    note = {R package version 1.2.2},
}
@Manual{R,
    title = {R: A Language and Environment for Statistical Computing},
    author = {{R Core Team}},
    organization = {R Foundation for Statistical Computing},
    address = {Vienna, Austria},
    year = {2016},
    url = {https://www.R-project.org/},
}
